@article{inakipaper,
    author={Iñaki García-Etxebarria and Miguel Montero},
    title={Dai-Freed anomalies in particle physics},
    journal = {arXiv:1808.00009 [hep-th]},
    year={2020}
}

@misc{mathphys1,
  author        = {Etxebarria, Iñaki},
  title         = {Lagrangian and Hamiltonian Mechanics},
  month         = {june},
  year          = {2025},
  publisher     = {Durham University}
}

@misc{mathphys2,
  author        = {Peeters, Casper},
  title         = {Introduction to Quantum Mechanics},
  month         = {Janurary},
  year          = {2025},
  publisher     = {Durham University}
}

@misc{topnotes,
  author        = {Darwin, Sophie},
  title         = {Topology II},
  month         = {Janurary},
  year          = {2025},
  publisher     = {Durham University}
}
